@manual{instrumento-mec,
	Address = {Bras{\'i}lia},
	Month = {mar.},
	Org-Short = {BRASIL},
	Organization = {Ministério da Educação. Instituto Nacional de Estudos e Pesquisas	Educacionais Anísio Teixeira – INEP},
	Pages = {67},
	Title = {Instrumento de Avalia{\c c}{\~a}o de Cursos de Graduação - Bacharelados, Licenciaturas e Cursos Superiores de Tecnologia},
	Year = {2011}
}

@manual{manual-ppc-ufop,
	Address = {Ouro Preto},
	Month = {jul.},
	Org-Short = {NAP-UFOP},
	Organization = {Universidade Federal de Ouro Preto},
	Pages = {23},
	Title = {DIRETRIZES PARA ELABORAÇÃO DE PROJETO PEDAGÓGICO DE CURSO-PPC},
	Year = {2016}
}

@Misc{resolucao-cuni-1,
	Address = {Ouro Preto},
	Month = {dez.},
	Org-Short = {UFOP},
	Organization = {Universidade Federal de Ouro Preto},
	Pages = {23},
	Title = {Resolução CUNI $1793$ de $14$ de dezembro de $2015$},
	year = {2015}
}

@JOURNALPART{guia-do-estudante,
	title={Guia do estudante},
	subtitle={Engenharia de Controle e Automa{\c c}{\~a}o},
	year={2016},
	publisher = {Editora Abril},
	Url = {http://guiadoestudante.abril.com.br/},
	Urlaccessdate = {09 ago. 2016}
}
